[{"id":"21f75499-2117-408d-83b6-7a0ad6555f13","rfc":"GAMC810409FG6","start_date":"2026-02-13T06:00:00.000000Z","end_date":"2026-02-25T03:31:09.000000Z","type":"issued","request_id":"9bc8e6fb-2094-428e-9a50-489a078a44ae","state":"completed","sat_status":null,"package_count":0,"xml_count":58,"attempts":0,"last_error":null,"created_at":"2026-02-25T03:36:09.000000Z","updated_at":"2026-02-25T03:37:20.000000Z","next_retry_at":null},{"id":"2e324e84-95f0-4da3-b33a-17a93f421958","rfc":"GAMC810409FG6","start_date":"2026-02-16T06:00:00.000000Z","end_date":"2026-02-25T03:31:09.000000Z","type":"received","request_id":"a36643b1-2c6d-40e5-904e-fbd726e82fab","state":"completed","sat_status":null,"package_count":0,"xml_count":59,"attempts":0,"last_error":null,"created_at":"2026-02-25T03:36:09.000000Z","updated_at":"2026-02-25T03:37:21.000000Z","next_retry_at":null},{"id":"59ea2489-9925-4f96-9d37-ceb8375e1997","rfc":"NUAB740223HQ8","start_date":"2025-12-29T06:00:00.000000Z","end_date":"2026-02-25T03:38:38.000000Z","type":"issued","request_id":"b7d51153-9935-401f-9a94-2772fbbd1b66","state":"completed","sat_status":null,"package_count":0,"xml_count":6,"attempts":0,"last_error":null,"created_at":"2026-02-25T03:43:38.000000Z","updated_at":"2026-02-25T03:44:56.000000Z","next_retry_at":null},{"id":"bd29206c-7b3b-4c9b-a202-7361f9a49683","rfc":"NUAB740223HQ8","start_date":"2026-02-19T06:00:00.000000Z","end_date":"2026-02-25T03:38:38.000000Z","type":"received","request_id":"5a2cf7d4-e7a7-4246-8ab3-03399551b9a4","state":"completed","sat_status":null,"package_count":0,"xml_count":1,"attempts":0,"last_error":null,"created_at":"2026-02-25T03:43:38.000000Z","updated_at":"2026-02-25T03:44:57.000000Z","next_retry_at":null},{"id":"e7d185bf-5f70-4ccb-afa0-c9573bc129d1","rfc":"AATN430301MQ0","start_date":"2026-01-03T06:00:00.000000Z","end_date":"2026-02-25T03:38:38.000000Z","type":"issued","request_id":"09d777f3-bc96-4c41-a81b-e84a465a26d8","state":"completed","sat_status":null,"package_count":0,"xml_count":1,"attempts":0,"last_error":null,"created_at":"2026-02-25T03:43:38.000000Z","updated_at":"2026-02-25T03:44:57.000000Z","next_retry_at":null},{"id":"7c5c7ae2-0a70-40f4-b96a-23adcbc7339e","rfc":"AATN430301MQ0","start_date":"2026-02-11T06:00:00.000000Z","end_date":"2026-02-25T03:38:38.000000Z","type":"received","request_id":"4be90056-82f9-4124-8836-4e973d5b02e5","state":"completed","sat_status":null,"package_count":0,"xml_count":2,"attempts":0,"last_error":null,"created_at":"2026-02-25T03:43:38.000000Z","updated_at":"2026-02-25T03:44:59.000000Z","next_retry_at":null},{"id":"72fc7a19-89c4-4721-ad17-cd064ea79166","rfc":"SASC4607161L8","start_date":"2026-02-02T06:00:00.000000Z","end_date":"2026-02-25T03:38:38.000000Z","type":"issued","request_id":"5d82d4bf-e9b2-4680-a209-bdc0f183ab02","state":"completed","sat_status":null,"package_count":0,"xml_count":2,"attempts":0,"last_error":null,"created_at":"2026-02-25T03:43:38.000000Z","updated_at":"2026-02-25T03:45:00.000000Z","next_retry_at":null},{"id":"c461cd42-dca2-41bc-8575-441cfe99620a","rfc":"SASC4607161L8","start_date":"2026-02-15T06:00:00.000000Z","end_date":"2026-02-25T03:38:38.000000Z","type":"received","request_id":"3d9fdb5d-c486-400b-8be6-2d8942f33fe0","state":"completed","sat_status":null,"package_count":0,"xml_count":2,"attempts":0,"last_error":null,"created_at":"2026-02-25T03:43:38.000000Z","updated_at":"2026-02-25T03:45:00.000000Z","next_retry_at":null},{"id":"9ed6171b-e124-49c2-a161-3296cc88f3b1","rfc":"GBE2302249G5","start_date":"2025-02-09T06:00:00.000000Z","end_date":"2026-02-25T03:38:38.000000Z","type":"issued","request_id":"a0258d50-e272-4bec-9434-f956b3071cf4","state":"completed","sat_status":null,"package_count":0,"xml_count":1,"attempts":0,"last_error":null,"created_at":"2026-02-25T03:43:38.000000Z","updated_at":"2026-02-25T03:45:01.000000Z","next_retry_at":null},{"id":"c1c9741f-3f92-4e41-b175-a0c0871916c0","rfc":"GBE2302249G5","start_date":"2026-02-14T06:00:00.000000Z","end_date":"2026-02-25T03:38:38.000000Z","type":"received","request_id":"9079f5c8-c8d2-48d7-8d34-86a1f0a07dc8","state":"completed","sat_status":null,"package_count":0,"xml_count":3,"attempts":0,"last_error":null,"created_at":"2026-02-25T03:43:38.000000Z","updated_at":"2026-02-25T03:45:02.000000Z","next_retry_at":null},{"id":"bf7bc003-646f-4d09-aadb-b3d684c2b833","rfc":"ROBL8205181B2","start_date":"2025-11-08T06:00:00.000000Z","end_date":"2026-02-25T03:38:38.000000Z","type":"issued","request_id":"4555b655-42ab-4c20-9d70-7fded4cf550f","state":"completed","sat_status":null,"package_count":0,"xml_count":1,"attempts":0,"last_error":null,"created_at":"2026-02-25T03:43:38.000000Z","updated_at":"2026-02-25T03:45:03.000000Z","next_retry_at":null},{"id":"e67dd952-66ec-4162-808e-001f82745c54","rfc":"ROBL8205181B2","start_date":"2026-02-22T06:00:00.000000Z","end_date":"2026-02-25T03:38:38.000000Z","type":"received","request_id":"d3f324fe-878d-4c99-811a-e56b20f6b855","state":"completed","sat_status":null,"package_count":0,"xml_count":2,"attempts":0,"last_error":null,"created_at":"2026-02-25T03:43:38.000000Z","updated_at":"2026-02-25T03:45:04.000000Z","next_retry_at":null},{"id":"2657048e-bfd1-4ac6-a725-7e11af19ee5a","rfc":"OAEJ811022733","start_date":"2026-02-15T06:00:00.000000Z","end_date":"2026-02-25T03:38:38.000000Z","type":"issued","request_id":"e904dcb3-cba0-4d77-9f3a-402fb1473a75","state":"completed","sat_status":null,"package_count":0,"xml_count":72,"attempts":0,"last_error":null,"created_at":"2026-02-25T03:43:38.000000Z","updated_at":"2026-02-25T03:46:45.000000Z","next_retry_at":null},{"id":"6b07f04b-172f-4817-96c9-1df893e22470","rfc":"OAEJ811022733","start_date":"2026-02-14T06:00:00.000000Z","end_date":"2026-02-25T03:38:38.000000Z","type":"received","request_id":"582c6ebb-4fcc-4c4e-bc82-6f9140275574","state":"completed","sat_status":null,"package_count":0,"xml_count":35,"attempts":0,"last_error":null,"created_at":"2026-02-25T03:43:38.000000Z","updated_at":"2026-02-25T03:46:46.000000Z","next_retry_at":null},{"id":"93e63df0-5645-4cc7-9d6e-6131056709d6","rfc":"VIHA860427K80","start_date":"2026-02-11T06:00:00.000000Z","end_date":"2026-02-25T03:38:38.000000Z","type":"issued","request_id":"cc6d590a-a887-4e0e-8147-5b3347e22747","state":"completed","sat_status":null,"package_count":0,"xml_count":2,"attempts":0,"last_error":null,"created_at":"2026-02-25T03:43:38.000000Z","updated_at":"2026-02-25T03:46:48.000000Z","next_retry_at":null},{"id":"2e0f77e4-3c9a-47f2-8457-ebb701eb2808","rfc":"VIHA860427K80","start_date":"2026-02-14T06:00:00.000000Z","end_date":"2026-02-25T03:38:38.000000Z","type":"received","request_id":"4d3568fe-4cb0-47fb-92a6-9b56ccc4417a","state":"completed","sat_status":null,"package_count":0,"xml_count":5,"attempts":0,"last_error":null,"created_at":"2026-02-25T03:43:38.000000Z","updated_at":"2026-02-25T03:46:49.000000Z","next_retry_at":null},{"id":"0c5bbd91-e7f2-4c32-aaf3-7c590fbeb278","rfc":"BUHI860503QJ3","start_date":"2024-02-11T06:00:00.000000Z","end_date":"2026-02-25T03:38:38.000000Z","type":"issued","request_id":"9b9f5131-b2ba-4fa2-9cd6-5f492e0df289","state":"completed","sat_status":null,"package_count":0,"xml_count":2289,"attempts":0,"last_error":null,"created_at":"2026-02-25T03:43:38.000000Z","updated_at":"2026-02-25T03:46:55.000000Z","next_retry_at":null},{"id":"b4bed0a7-77b2-4720-b4eb-8403ff06db87","rfc":"BUHI860503QJ3","start_date":"2026-02-17T06:00:00.000000Z","end_date":"2026-02-25T03:38:38.000000Z","type":"received","request_id":"b7fa0076-965b-4f36-b412-56566ce0d536","state":"completed","sat_status":null,"package_count":0,"xml_count":16,"attempts":0,"last_error":null,"created_at":"2026-02-25T03:43:38.000000Z","updated_at":"2026-02-25T03:46:56.000000Z","next_retry_at":null},{"id":"d445f0d0-67ea-4da7-81df-ac532a9d75a5","rfc":"FICC510314G94","start_date":"2021-01-01T06:00:00.000000Z","end_date":"2026-02-25T03:38:38.000000Z","type":"issued","request_id":"0f9348e5-0753-43c4-b448-95c65f73d852","state":"completed","sat_status":null,"package_count":0,"xml_count":4266,"attempts":0,"last_error":null,"created_at":"2026-02-25T03:43:38.000000Z","updated_at":"2026-02-25T03:48:10.000000Z","next_retry_at":"2026-02-24 21:47:12"},{"id":"a40e83c8-99e0-43d9-8432-ff8fbc841710","rfc":"FICC510314G94","start_date":"2021-01-01T06:00:00.000000Z","end_date":"2026-02-25T03:38:38.000000Z","type":"received","request_id":"7693d2d0-f100-4371-9593-b4894971ebda","state":"completed","sat_status":null,"package_count":0,"xml_count":10890,"attempts":0,"last_error":null,"created_at":"2026-02-25T03:43:38.000000Z","updated_at":"2026-02-25T03:48:38.000000Z","next_retry_at":"2026-02-24 21:47:12"},{"id":"54b4bdc0-fd15-44b3-91c4-304c90a7fe77","rfc":"QIT230901K94","start_date":"2026-01-29T06:00:00.000000Z","end_date":"2026-02-25T03:38:38.000000Z","type":"issued","request_id":"1b50c3f4-a379-4346-9886-a984f69aa16e","state":"completed","sat_status":null,"package_count":0,"xml_count":1,"attempts":0,"last_error":null,"created_at":"2026-02-25T03:43:38.000000Z","updated_at":"2026-02-25T03:46:57.000000Z","next_retry_at":null},{"id":"cd13753c-f92d-4ce1-b5b8-81e2ab84ea5b","rfc":"QIT230901K94","start_date":"2026-02-21T06:00:00.000000Z","end_date":"2026-02-25T03:38:38.000000Z","type":"received","request_id":"318d7df8-c23c-4720-a366-2e316af6749b","state":"completed","sat_status":null,"package_count":0,"xml_count":7,"attempts":0,"last_error":null,"created_at":"2026-02-25T03:43:38.000000Z","updated_at":"2026-02-25T03:46:58.000000Z","next_retry_at":null}]
